<?xml version="1.0" encoding="UTF-8"?><collection xmlns="http://www.loc.gov/MARC21/slim"><record><leader>00570nam--2200169-i-4500</leader><controlfield tag="001">000028036</controlfield><controlfield tag="002">20161230</controlfield><controlfield tag="005">20161230201037</controlfield><controlfield tag="008">060222s1000------------r-----000-0-eng-d</controlfield><datafield ind1=" " ind2=" " tag="040"><subfield code="a">IFIN-HH</subfield></datafield><datafield ind1=" " ind2=" " tag="080"><subfield code="a">539.2:539.12.04:539.124.143</subfield></datafield><datafield ind1="1" ind2=" " tag="100"><subfield code="a">Krupka, Danny Charles Victor Milan</subfield></datafield><datafield ind1="1" ind2="0" tag="245"><subfield code="a">The r center in kcl: electron spin resonance studies of the ground state</subfield><subfield code="b">Dissertation</subfield><subfield code="c">Danny charles victor milan krupka</subfield></datafield><datafield ind1=" " ind2=" " tag="260"><subfield code="a">Ann Arbor, Michigan</subfield><subfield code="b">University Microfilm Inc</subfield><subfield code="c">1966</subfield></datafield><datafield ind1=" " ind2=" " tag="300"><subfield code="a">VII+90P</subfield></datafield><datafield ind1=" " ind2=" " tag="852"><subfield code="a">32337</subfield><subfield code="c">539.143.43</subfield></datafield><datafield ind1=" " ind2=" " tag="CAT"><subfield code="a">Sys</subfield><subfield code="c">20120504</subfield><subfield code="h">091405</subfield></datafield></record></collection>